<record><leader>00000cas a22000007a 4500</leader><controlfield tag="001">12385399</controlfield><controlfield tag="008">850814d18821915wiudr ne      0    0eng d</controlfield><datafield ind1=" " ind2=" " tag="010"><subfield code="a">sn 85041102 </subfield></datafield><datafield ind1=" " ind2=" " tag="040"><subfield code="a">NPV</subfield><subfield code="b">eng</subfield><subfield code="c">NPV</subfield><subfield code="d">NVF</subfield><subfield code="d">OCLCQ</subfield></datafield><datafield ind1=" " ind2=" " tag="042"><subfield code="a">msc</subfield></datafield><datafield ind1=" " ind2=" " tag="045"><subfield code="a">w8x1</subfield></datafield><datafield ind1=" " ind2=" " tag="052"><subfield code="a">4123</subfield><subfield code="b">R6</subfield></datafield><datafield ind1="0" ind2="4" tag="245"><subfield code="a">The Beloit daily free press.</subfield></datafield><datafield ind1=" " ind2=" " tag="260"><subfield code="a">Beloit, Wis. :</subfield><subfield code="b">H.F. Hobart &amp; C. Ingersoll,</subfield><subfield code="c">1882-1915.</subfield></datafield><datafield ind1=" " ind2=" " tag="300"><subfield code="a">33 v. :</subfield><subfield code="b">ill. (chiefly advertisements)</subfield></datafield><datafield ind1=" " ind2=" " tag="310"><subfield code="a">Daily</subfield></datafield><datafield ind1="0" ind2=" " tag="362"><subfield code="a">Vol. 4, no. 186 (Aug. 14, 1882)-v. 36, no. 206 (Sept. 29, 1914) ; Sept. 30, 1914-Mar. 15, 1915.</subfield></datafield><datafield ind1=" " ind2=" " tag="500"><subfield code="a">Publisher varies.</subfield></datafield><datafield ind1=" " ind2=" " tag="500"><subfield code="a">Title varies slightly.</subfield></datafield><datafield ind1=" " ind2=" " tag="500"><subfield code="a">Editor: C. Ingersoll, Oct. 6, 1882-Jan. 1, 1908.--M.C. Hanna, Jan. 2, 1908-May 28, 1910.--J.S. Hubbard, Mar. 31, 1911-Mar. 15, 1915.</subfield></datafield><datafield ind1=" " ind2=" " tag="580"><subfield code="a">Weekly ed. : The Beloit free press, 1882-&lt;1903&gt;.</subfield></datafield><datafield ind1=" " ind2=" " tag="752"><subfield code="a">United States</subfield><subfield code="b">Wisconsin</subfield><subfield code="c">Rock</subfield><subfield code="d">Beloit.</subfield></datafield><datafield ind1="1" ind2=" " tag="775"><subfield code="t">Beloit free press</subfield><subfield code="w">(DLC)sn 85041103</subfield></datafield><datafield ind1="0" ind2="0" tag="780"><subfield code="t">Daily free press (Beloit, Wis.)</subfield><subfield code="w">(DLC)sn 85041101</subfield></datafield><datafield ind1="0" ind2="7" tag="785"><subfield code="t">Beloit daily news</subfield></datafield><datafield ind1="0" ind2="7" tag="785"><subfield code="t">Beloit daily news combined with the Beloit daily free press</subfield></datafield></record>